<record><leader>00000cas a2200000 a 4500</leader><controlfield tag="001">12598701</controlfield><controlfield tag="008">850925d19381941ksuwr ne      0    0eng d</controlfield><datafield ind1=" " ind2=" " tag="010"><subfield code="a">sn 85032671 </subfield></datafield><datafield ind1=" " ind2=" " tag="040"><subfield code="a">KSH</subfield><subfield code="b">eng</subfield><subfield code="c">KSH</subfield><subfield code="d">NPT</subfield><subfield code="d">OCL</subfield><subfield code="d">OCLCQ</subfield></datafield><datafield ind1=" " ind2=" " tag="042"><subfield code="a">msc</subfield></datafield><datafield ind1="0" ind2="4" tag="245"><subfield code="a">The Salina advertiser.</subfield></datafield><datafield ind1=" " ind2=" " tag="260"><subfield code="a">Salina, Kan. :</subfield><subfield code="b">Advertiser Pub. Co.,</subfield><subfield code="c">1938-1941.</subfield></datafield><datafield ind1=" " ind2=" " tag="300"><subfield code="a">4 v. :</subfield><subfield code="b">ill. ;</subfield><subfield code="c">57 cm.</subfield></datafield><datafield ind1=" " ind2=" " tag="310"><subfield code="a">Weekly</subfield></datafield><datafield ind1="0" ind2=" " tag="362"><subfield code="a">Vol. 1, no. 1 (July 1, 1938)-v. 4, no. 26 (Dec. 25, 1941).</subfield></datafield><datafield ind1=" " ind2=" " tag="515"><subfield code="a">Assumes numbering system of Salina Sun (Salina, Kan. : 1935) after merger, &lt;Jan. 26, 1939&gt;.</subfield></datafield><datafield ind1=" " ind2=" " tag="580"><subfield code="a">Issued as a free advertising medium in conjunction with: Salina Sun (Salina, Kan. : 1935) Feb. 1939-Dec. 25, 1941.</subfield></datafield><datafield ind1=" " ind2=" " tag="752"><subfield code="a">United States</subfield><subfield code="b">Kansas</subfield><subfield code="c">Saline</subfield><subfield code="d">Salina.</subfield></datafield><datafield ind1="1" ind2=" " tag="777"><subfield code="t">Salina sun (Salina, Kan. : 1935)</subfield><subfield code="w">(DLC)sn 85032670</subfield></datafield><datafield ind1="0" ind2="7" tag="785"><subfield code="t">Salina sun (Salina, Kan. : 1935)</subfield><subfield code="w">(DLC)sn 85032670</subfield></datafield><datafield ind1="0" ind2="7" tag="785"><subfield code="t">Salina advertiser-sun</subfield><subfield code="w">(DLC)sn 85032672</subfield></datafield><datafield ind1="1" ind2=" " tag="029"><subfield code="a">AU@</subfield><subfield code="b">000022166720</subfield></datafield></record>